@article{baylor1984,
author = "D A Baylor and B J Nunn and J L Schnapf",
journal = "The Journal of Physiology",
doi = "10.1113/jphysiol.1984.sp015518",
issn = "0022-3751",
number = "1",
pages = "575-607",
publisher = "Wiley-Blackwell",
title = "The photocurrent, noise and spectral sensitivity of rods of the monkey Macaca fascicularis",
volume = "357",
year = "1984",
month = "12",
day = "01"
}
@article{field2002,
author = "Greg D. Field and Fred Rieke",
journal = "Neuron",
doi = "10.1016/s0896-6273(02)00700-6",
issn = "0896-6273",
number = "5",
pages = "773-785",
publisher = "Elsevier BV",
title = "Nonlinear signal transfer from mouse rods to Bipolar cells and implications for visual sensitivity",
volume = "34",
year = "2002",
month = "05"
}
@article{jonas1992,
author = "Jost B. Jonas and Ulrike Schneider and Gottfried O. H. Naumann",
journal = "Graefe's Archive for Clinical and Experimental Ophthalmology",
doi = "10.1007/bf00181769",
issn = "0721-832X",
number = "6",
pages = "505-510",
publisher = "Springer Nature",
title = "Count and density of human retinal photoreceptors",
volume = "230",
year = "1992",
month = "10"
}
@article{knill2004,
author = "David C. Knill and Alexandre Pouget",
journal = "Trends in Neurosciences",
doi = "10.1016/j.tins.2004.10.007",
issn = "0166-2236",
number = "12",
pages = "712-719",
publisher = "Elsevier BV",
title = "The Bayesian brain: The role of uncertainty in neural coding and computation",
volume = "27",
year = "2004",
month = "12"
}
@article{najemnik2005,
author = "J. Najemnik and W.S. Geisler",
journal = "American Journal of Ophthalmology",
doi = "10.1016/j.ajo.2005.04.009",
issn = "0002-9394",
number = "6",
pages = "1152-1153",
publisher = "Elsevier BV",
title = "Optimal eye movement strategies in visual search",
volume = "139",
year = "2005",
month = "06"
}
@article{nunezvarela2013,
author = "Jose Nunez-Varela and Jeremy L. Wyatt",
journal = "ACM Transactions on Applied Perception",
doi = "10.1145/2536764.2536767",
issn = "1544-3558",
number = "4",
pages = "1-22",
publisher = "Association for Computing Machinery (ACM)",
title = "Models of gaze control for manipulation tasks",
volume = "10",
year = "2013",
month = "10",
day = "01"
}
@book{purves2001,
author = "D Purves and GJ Augustine and D Fitzpatrick and  et al.",
edition = "2nd",
publisher = "Sunderland (MA): Sinauer Associates",
title = "Neuroscience",
year = "2001"
}
@article{rao2010,
author = "Rajesh P. N. Rao",
journal = "Frontiers in Computational Neuroscience",
doi = "10.3389/fncom.2010.00146",
issn = "1662-5188",
publisher = "Frontiers Media SA",
title = "Decision making under uncertainty: A neural model based on partially observable Markov decision processes",
volume = "4",
year = "2010"
}
@article{vanrossum1998,
author = "M.C.W. van ROSSUM and R.G. SMITH",
journal = "Visual Neuroscience",
doi = "10.1017/s0952523898155037",
issn = "0952-5238",
number = "05",
publisher = "Cambridge University Press (CUP)",
title = "Noise removal at the rod synapse of mammalian retina",
volume = "15",
year = "1998",
month = "05"
}
@book{thrun2005,
author = "Sebastian Thrun and Wolfram Burgard and Dieter Fox",
edition = "2",
isbn = "9780262201629",
publisher = "MIT Press",
address = "Cambridge, MA",
title = "Probabilistic robotics",
year = "2005",
month = "09",
day = "20"
}
